@misc{cozzolino2018noiseprint,
      title={{Noiseprint: a CNN-based camera model fingerprint}}, 
      author={Davide Cozzolino and Luisa Verdoliva},
      year={2018},
      eprint={1808.08396},
      archivePrefix={arXiv},
      primaryClass={cs.CV}
}

@inproceedings{dresden,
    author = {Gloe, Thomas and B\"{o}hme, Rainer},
    title = {{The 'Dresden Image Database' for Benchmarking Digital Image Forensics}},
    year = {2010},
    isbn = {9781605586397},
    publisher = {Association for Computing Machinery},
    address = {New York, NY, USA},
    url = {https://doi.org/10.1145/1774088.1774427},
    doi = {10.1145/1774088.1774427},
    booktitle = {Proceedings of the 2010 ACM Symposium on Applied Computing},
    pages = {1584â€“1590},
    numpages = {7},
    keywords = {image source identification, forgery detection, digital image forensics, camera model identification, benchmarking},
    location = {Sierre, Switzerland},
    series = {SAC '10}
}

@misc{montibeller,
    title={{Out-Camera Dataset, with Canon EOS 1200D photos}},
    author={Andrea Montibeller},
    year={2017}
}

@misc{roc-curve,
    author= {{Stack Overflow}},
    title = {{Roc curve and cut off point. Python}},
    url = {https://stackoverflow.com/questions/28719067/roc-curve-and-cut-off-point-python?answertab=votes#tab-top},
    year = {2015}
}